<?xml version="1.0" encoding="UTF-8"?><collection xmlns="http://www.loc.gov/MARC21/slim"><record><leader>00572nam--2200169-i-4500</leader><controlfield tag="001">000036057</controlfield><controlfield tag="002">20161230</controlfield><controlfield tag="005">20161230201040</controlfield><controlfield tag="008">060222s1000------------r-----000-0-eng-d</controlfield><datafield ind1=" " ind2=" " tag="040"><subfield code="a">IFIN-HH</subfield></datafield><datafield ind1=" " ind2=" " tag="080"><subfield code="a">539.1.074</subfield></datafield><datafield ind1="1" ind2=" " tag="100"><subfield code="a">Snell, Arthur H</subfield></datafield><datafield ind1="1" ind2="0" tag="245"><subfield code="a">Nuclear instruments and their uses</subfield><subfield code="b">Volume i: ionization detectors, scintillators, cerenkov counters, amplifiers: assay, dosimetry, health physics</subfield><subfield code="c">Arthur h. snell (ed.)</subfield></datafield><datafield ind1=" " ind2=" " tag="260"><subfield code="a">New York</subfield><subfield code="b">John Wiley &amp; Sons, Inc</subfield><subfield code="c">1962</subfield></datafield><datafield ind1=" " ind2=" " tag="300"><subfield code="a">494P</subfield></datafield><datafield ind1=" " ind2=" " tag="852"><subfield code="a">17971</subfield><subfield code="c">539.1.07:539.1.08</subfield></datafield><datafield ind1=" " ind2=" " tag="CAT"><subfield code="a">Sys</subfield><subfield code="c">20111018</subfield><subfield code="h">133148</subfield></datafield></record></collection>